@Article{ward07disputes,
  author =       {Michael D. Ward and Randolph M. Siverson and Xun Cao},
  title =        {Disputes, Democracies, and Dependencies: A Reexamination of the {K}antian Peace},
  journal =      {American Journal of Political Science},
  year =         {2007},
  OPTkey =       {},
  volume =       {51},
  number =       {3},
  pages =        {583--601},
  OPTmonth =     {},
  OPTnote =      {},
  OPTannote =    {}
}

@Article{kinne14dependent,
  author =       {Brandon J. Kinne},
  title =        {Dependent Diplomacy: Signaling, Strategy, and Prestige in the Diplomatic Network},
  journal =      {International Studies Quarterly},
  year =         {2014},
  OPTkey =       {},
  volume =       {58},
  number =       {2},
  pages =        {247--259},
  OPTmonth =     {},
  OPTnote =      {},
  OPTannote =    {}
}

@Misc{cranmer17critique,
  OPTkey =       {},
  author =       {Skyler J. Cranmer and Bruce A. Desmarais},
  title =        {A Critique of Dyadic Design},
  howpublished = {Accepted to \emph{International Studies Quarterly}},
  OPTmonth =     {},
  year =         {2017},
  OPTnote =      {},
  OPTannote =    {}
}

@Article{hays10spatial,
  author =       {Jude C. Hays and Aya Kachi and Robert J. Franzese},
  title =        {A Spatial Model Incorporating Dynamic, Endogenous Network Interdependence: A Political Science Application},
  journal =      {Statistical Methodology},
  year =         {2010},
  OPTkey =       {},
  volume =       {7},
  number =       {3},
  pages =        {406--428},
  OPTmonth =     {},
  OPTnote =      {},
  OPTannote =    {}
}

@Article{lazer10coevolution,
  author =       {David Lazer and Brian Rubineau and Carol Chetkovich and Nancy Katz and Neblo Michael},
  title =        {The Coevolution of Networks and Political Attitudes},
  journal =      {Political Communication},
  year =         {2010},
  OPTkey =       {},
  volume =       {27},
  number =       {3},
  pages =        {248--274},
  OPTmonth =     {},
  OPTnote =      {},
  OPTannote =    {}
}

@Article{cranmer11inferential,
  author =       {Skyler J. Cranmer and Bruce A. Desmarais},
  title =        {Inferential Network Analysis with Exponential Random Graph Models},
  journal =      {Political Analysis},
  year =         {2011},
  OPTkey =       {},
  volume =       {19},
  number =       {1},
  pages =        {66--86},
  OPTmonth =     {},
  OPTnote =      {},
  OPTannote =    {}
}

@Article{desmarais12micro-level,
  author =       {Bruce A. Desmarais and Skyler J. Cranmer},
  title =        {Micro-level Interpretation of Expoential Random Graph Models with Application to Estuary Networks},
  journal =      {Political Studies Journal},
  year =         {2012},
  OPTkey =       {},
  volume =       {40},
  number =       {3},
  pages =        {402--434},
  OPTmonth =     {},
  OPTnote =      {},
  OPTannote =    {}
}

@Article{berardo10self-organizing,
  author =       {Ramiro Berardo and John T. Scholz},
  title =        {Self-organizing Policy Networks: Risk, Partner Selection, and Cooperation in Estuaries},
  journal =      {American Journal of Political Science},
  year =         {2010},
  OPTkey =       {},
  volume =       {54},
  number =       {3},
  pages =        {632--649},
  OPTmonth =     {},
  OPTnote =      {},
  OPTannote =    {}
}

@Article{ward07persistent,
  author =       {Michael D. Ward and Peter D. Hoff},
  title =        {Persistent Patterns of International Commerce},
  journal =      {Journal of Peace Research},
  year =         {2007},
  OPTkey =       {},
  volume =       {44},
  number =       {2},
  pages =        {157--175},
  OPTmonth =     {},
  OPTnote =      {},
  OPTannote =    {}
}

@Article{kirkland12multimember,
  author =       {Justin H. Kirkland},
  title =        {Multimember Districts' Effect on Collaboration between {US} State Legislators},
  journal =      {Leglislative Studies Quarterly},
  year =         {2012},
  OPTkey =       {},
  volume =       {37},
  number =       {3},
  pages =        {329--353},
  OPTmonth =     {},
  OPTnote =      {},
  OPTannote =    {}
}

